@book{chomsky1965aspects,
	title		=	{Aspects of the Theory of Syntax},
	author		=	{Noam Chomsky},
	year		=	{1965},
	publisher	=	{MIT Press},
	address		=	{Cambridge, MA}
}

